@book {
    wiley,
    title="SEMATICS WITH APPLICATIONS: A Formal Introduction",
    author="Hanne Riis Nielson and Flemming Nielson",
    year=1999,
    url="http://www.daimi.au.dk/~bra8130/Wiley_book/wiley.pdf",
}
